@inproceedings{fma,
title = {FMA: A Dataset for Music Analysis},
author = {Defferrard, Micha{\"e}l and Benzi, Kirell and Vandergheynst, Pierre and Bresson, Xavier},
booktitle = {18th International Society for Music Information Retrieval Conference},
year = {2017}
}

@misc{starterkit,
	author = {S.P. Mohanty and MichaÃ«l Defferrard},
	title = {{crowdai-musical-genre-recognition-starter-kit}},
	howpublished = "\url{https://github.com/crowdAI/crowdai-musical-genre-recognition-starter-kit}",
	year = {2017}, 
	note = "[Online; accessed 10-January-2018]"
}
